<?xml version="1.0" encoding="UTF-8"?><collection xmlns="http://www.loc.gov/MARC21/slim"><record><leader>00445nam--2200157-i-4500</leader><controlfield tag="001">000009321</controlfield><controlfield tag="002">20161230</controlfield><controlfield tag="005">20170221233853</controlfield><controlfield tag="008">060222s1000------------r-----000-0-eng-d</controlfield><datafield ind1=" " ind2=" " tag="245"><subfield code="a">Monitoring of radioactive contamination on sur faces. A manual prepared by ..</subfield></datafield><datafield ind1=" " ind2=" " tag="260"><subfield code="a">Vienna</subfield><subfield code="b">I.A.E.A</subfield><subfield code="c">1970</subfield></datafield><datafield ind1=" " ind2=" " tag="300"><subfield code="a">33 p</subfield></datafield><datafield ind1=" " ind2=" " tag="490"><subfield code="a">Technical Reports Series</subfield></datafield><datafield ind1=" " ind2=" " tag="700"><subfield code="a">Clayton, R. F</subfield></datafield><datafield ind1=" " ind2=" " tag="852"><subfield code="a">614.876:539.1.078</subfield></datafield><datafield ind1=" " ind2=" " tag="CAT"><subfield code="a">SYS</subfield><subfield code="c">20170221</subfield><subfield code="h">233853</subfield></datafield></record></collection>